<?xml version="1.0" encoding="UTF-8"?><collection xmlns="http://www.loc.gov/MARC21/slim"><record><leader>00587nam--2200169-i-4500</leader><controlfield tag="001">000028084</controlfield><controlfield tag="002">20161230</controlfield><controlfield tag="005">20161230201037</controlfield><controlfield tag="008">060222s1000------------r-----000-0-eng-d</controlfield><datafield ind1=" " ind2=" " tag="040"><subfield code="a">IFIN-HH</subfield></datafield><datafield ind1=" " ind2=" " tag="080"><subfield code="a">539.172.3:539.2</subfield></datafield><datafield ind1="1" ind2=" " tag="100"><subfield code="a">Krzeminski, Stephen Francisc</subfield></datafield><datafield ind1="1" ind2="0" tag="245"><subfield code="a">Magnetic susceptibilities and mossbauer spectra of some tris(n,n-disubstituted dithiocarbamato)iron(iii) compounds</subfield><subfield code="b">Dissertation</subfield><subfield code="c">Stephen francisc krzeminski</subfield></datafield><datafield ind1=" " ind2=" " tag="260"><subfield code="a">Ann Arbor,Michigan</subfield><subfield code="b">University Microfilms,Inc</subfield><subfield code="c">1969</subfield></datafield><datafield ind1=" " ind2=" " tag="300"><subfield code="a">VI+128P</subfield></datafield><datafield ind1=" " ind2=" " tag="852"><subfield code="a">36093</subfield><subfield code="c">539.163.2</subfield></datafield><datafield ind1=" " ind2=" " tag="CAT"><subfield code="a">Sys</subfield><subfield code="c">20120524</subfield><subfield code="h">113635</subfield></datafield></record></collection>